@misc{cibotaru,
  author = {Cibotaru, D.},
  title = {Sheaf cohomology},
  year = {2005},
  url = {http://www3.nd.edu/~lnicolae/sheaves_coh.pdf}}
